@article{Karlaftis.2011,
  title    = {Statistical methods versus neural networks in transportation research: Differences, similarities and some insights},
  journal  = {Transportation Research Part C: Emerging Technologies},
  volume   = {19},
  number   = {3},
  pages    = {387-399},
  year     = {2011},
  issn     = {0968-090X},
  doi      = {https://doi.org/10.1016/j.trc.2010.10.004},
  url      = {https://www.sciencedirect.com/science/article/pii/S0968090X10001610},
  author   = {M.G. Karlaftis and E.I. Vlahogianni},
  keywords = {Statistical models, Neural networks, Transportation research},
}

@article{Min.2011,
  title    = {Real-time road traffic prediction with spatio-temporal correlations},
  journal  = {Transportation Research Part C: Emerging Technologies},
  volume   = {19},
  number   = {4},
  pages    = {606-616},
  year     = {2011},
  issn     = {0968-090X},
  doi      = {https://doi.org/10.1016/j.trc.2010.10.002},
  url      = {https://www.sciencedirect.com/science/article/pii/S0968090X10001592},
  author   = {Wanli Min and Laura Wynter},
  keywords = {Intelligent transport systems, Volume, Speed, Predictive modeling},
}

@article{Qi.2014,
  author  = {Qi, Yan and Ishak, Sherif},
  year    = {2014},
  month   = {06},
  pages   = {},
  title   = {A Hidden Markov Model for short term prediction of traffic conditions on freeways},
  volume  = {43},
  journal = {Transportation Research Part C: Emerging Technologies},
  doi     = {10.1016/j.trc.2014.02.007}
}

@article{Wang.2014,
  title    = {New Bayesian combination method for short-term traffic flow forecasting},
  journal  = {Transportation Research Part C: Emerging Technologies},
  volume   = {43},
  pages    = {79-94},
  year     = {2014},
  note     = {Special Issue on Short-term Traffic Flow Forecasting},
  issn     = {0968-090X},
  doi      = {https://doi.org/10.1016/j.trc.2014.02.005},
  url      = {https://www.sciencedirect.com/science/article/pii/S0968090X14000370},
  author   = {Jian Wang and Wei Deng and Yuntao Guo},
  keywords = {Traffic flow prediction, Bayesian combination method, Entropy-based grey relation analysis, ARIMA, Kalman filter, Back propagation neural network},
}


@article{Chan.2012,
  author  = {Chan, Kit Yan and Dillon, Tharam S. and Singh, Jaipal and Chang, Elizabeth},
  journal = {IEEE Transactions on Intelligent Transportation Systems},
  title   = {Neural-Network-Based Models for Short-Term Traffic Flow Forecasting Using a Hybrid Exponential Smoothing and Levenbergâ€“Marquardt Algorithm},
  year    = {2012},
  volume  = {13},
  number  = {2},
  pages   = {644-654},
  doi     = {10.1109/TITS.2011.2174051}
}

@article{Hinton.2006,
  author  = {Hinton, Geoffrey and Osindero, Simon and Teh, Yee-Whye},
  year    = {2006},
  month   = {08},
  pages   = {1527-54},
  title   = {A Fast Learning Algorithm for Deep Belief Nets},
  volume  = {18},
  journal = {Neural computation},
  doi     = {10.1162/neco.2006.18.7.1527}
}

@inproceedings{Vincent.2008,
  author  = {Vincent, Pascal and Larochelle, Hugo and Bengio, Y. and Manzagol, Pierre-Antoine},
  year    = {2008},
  month   = {01},
  pages   = {1096-1103},
  title   = {Extracting and composing robust features with denoising autoencoders},
  journal = {Proceedings of the 25th International Conference on Machine Learning},
  doi     = {10.1145/1390156.1390294}
}

@article{Huang.2014,
  author  = {Huang, Wenhao and Song, Guojie and Hong, Haikun and Xie, Kunqing},
  year    = {2014},
  month   = {10},
  pages   = {2191-2201},
  title   = {Deep Architecture for Traffic Flow Prediction: Deep Belief Networks With Multitask Learning},
  volume  = {15},
  journal = {Intelligent Transportation Systems, IEEE Transactions on},
  doi     = {10.1109/TITS.2014.2311123}
}

@article{Krizhevsky.2012,
  author  = {Krizhevsky, Alex and Sutskever, Ilya and Hinton, Geoffrey},
  year    = {2012},
  month   = {01},
  pages   = {},
  title   = {ImageNet Classification with Deep Convolutional Neural Networks},
  volume  = {25},
  journal = {Neural Information Processing Systems},
  doi     = {10.1145/3065386}
}

@inproceedings{Graves.2013,
  author  = {Graves, Alex and Jaitly, Navdeep and Mohamed, Abdel-rahman},
  year    = {2013},
  month   = {12},
  pages   = {273-278},
  title   = {Hybrid speech recognition with Deep Bidirectional LSTM},
  journal = {2013 IEEE Workshop on Automatic Speech Recognition and Understanding, ASRU 2013 - Proceedings},
  doi     = {10.1109/ASRU.2013.6707742}
}

@article{Guo.2014,
  author  = {Guo, Jianhua and Huang, Wei and Williams, Billy},
  year    = {2014},
  month   = {06},
  pages   = {},
  title   = {Adaptive Kalman filter approach for stochastic short-term traffic flow rate prediction and uncertainty quantification},
  volume  = {43},
  journal = {Transportation Research Part C: Emerging Technologies},
  doi     = {10.1016/j.trc.2014.02.006}
}

@article{Johansen.1991,
  title    = {Estimation and Hypothesis Testing of Cointegration Vectors in Gaussian Vector Autoregressive Models},
  author   = {Johansen, Soren},
  year     = {1991},
  journal  = {Econometrica},
  volume   = {59},
  number   = {6},
  pages    = {1551-80},
  url      = {https://EconPapers.repec.org/RePEc:ecm:emetrp:v:59:y:1991:i:6:p:1551-80}
}

@article{Zhang.2013,
  author  = {Zhang, Lun and Liu, Qiuchen and Yang, Wenchen and Nai, Wei and Dong, Decun},
  year    = {2013},
  month   = {11},
  pages   = {653-662},
  title   = {An Improved K-nearest Neighbor Model for Short-term Traffic Flow Prediction},
  volume  = {96},
  journal = {Procedia - Social and Behavioral Sciences},
  doi     = {10.1016/j.sbspro.2013.08.076}
}

@article{Yang.2006,
  title   = {Short-term Traffic Flow Prediction Method Based on SVM},
  author  = {Yang, Z. and Wang, Y. and Guan, Q.},
  journal = {Journal of Jilin University (Engineering and Technology Edition)},
  volume  = {36},
  pages   = {881--884},
  year    = {2006}
}

@article{Tsirigotis.2012,
  author  = {Tsirigotis, Lykourgos and Vlahogianni, Eleni and Karlaftis, Matthew},
  year    = {2012},
  month   = {01},
  pages   = {1-10},
  title   = {Does Information on Weather Affect the Performance of Short-Term Traffic Forecasting Models?},
  volume  = {10},
  journal = {International Journal of Intelligent Transportation Systems Research},
  doi     = {10.1007/s13177-011-0037-x}
}

@inproceedings{Muller.1997,
  author    = {M{\"u}ller, K. -R.
               and Smola, A. J.
               and R{\"a}tsch, G.
               and Sch{\"o}lkopf, B.
               and Kohlmorgen, J.
               and Vapnik, V.},
  editor    = {Gerstner, Wulfram
               and Germond, Alain
               and Hasler, Martin
               and Nicoud, Jean-Daniel},
  title     = {Predicting time series with support vector machines},
  booktitle = {Artificial Neural Networks --- ICANN'97},
  year      = {1997},
  publisher = {Springer Berlin Heidelberg},
  address   = {Berlin, Heidelberg},
  pages     = {999--1004},
  isbn      = {978-3-540-69620-9}
}

@inproceedings{Mukherjee.1997,
  author    = {Mukherjee, S. and Osuna, E. and Girosi, F.},
  booktitle = {Neural Networks for Signal Processing VII. Proceedings of the 1997 IEEE Signal Processing Society Workshop},
  title     = {Nonlinear prediction of chaotic time series using support vector machines},
  year      = {1997},
  volume    = {},
  number    = {},
  pages     = {511-520},
  doi       = {10.1109/NNSP.1997.622433}
}

@article{Lamas.2016,
  author  = {Lamas, Jose and Castro-Castro, Paula-Maria and Dapena, Adriana and Vazquez-Araujo, Francisco},
  year    = {2016},
  month   = {08},
  pages   = {1309},
  title   = {SiDIVS: Simple Detection of Inductive Vehicle Signatures with a Multiplex Resonant Sensor},
  volume  = {16},
  journal = {Sensors},
  doi     = {10.3390/s16081309}
}

@article{Yuankai.2016,
  author = {Yuankai, Wu and Tan, Huachun},
  year   = {2016},
  month  = {12},
  pages  = {},
  title  = {Short-term traffic flow forecasting with spatial-temporal correlation in a hybrid deep learning framework}
}

@article{Zhang.2018,
  author  = {Zhang, Da and Kabuka, Mansur},
  year    = {2018},
  month   = {03},
  pages   = {},
  title   = {Combining Weather Condition Data to Predict Traffic Flow: A GRU Based Deep Learning Approach},
  volume  = {12},
  journal = {IET Intelligent Transport Systems},
  doi     = {10.1049/iet-its.2017.0313}
}

@article{Chung.2014,
  author = {Chung, Junyoung and Gulcehre, Caglar and Cho, KyungHyun and Bengio, Y.},
  year   = {2014},
  month  = {12},
  pages  = {},
  title  = {Empirical Evaluation of Gated Recurrent Neural Networks on Sequence Modeling}
}

@article{Liu.2019,
  title   = {Dynamic Spatial-Temporal Representation Learning for Traffic Flow Prediction},
  author  = {Lingbo Liu and Jiajie Zhen and Guanbin Li and Geng Zhan and Liang Lin},
  journal = {IEEE Transactions on Intelligent Transportation Systems},
  year    = {2019},
  volume  = {22},
  pages   = {7169-7183},
  url     = {https://api.semanticscholar.org/CorpusID:210473164}
}

@article{Shi.2015,
  author = {Shi, Xingjian and Chen, Zhourong and Wang, Hao and Yeung, Dit-Yan and Wong, Wai Kin and WOO, Wang-chun},
  year   = {2015},
  month  = {06},
  pages  = {},
  title  = {Convolutional LSTM Network: A Machine Learning Approach for Precipitation Nowcasting}
}

@inproceedings{He.2016,
  author = {He, Kaiming and Zhang, Xiangyu and Ren, Shaoqing and Sun, Jian},
  year   = {2016},
  month  = {06},
  pages  = {770-778},
  title  = {Deep Residual Learning for Image Recognition},
  doi    = {10.1109/CVPR.2016.90}
}

@article{Zhang.2017,
  title        = {Deep Spatio-Temporal Residual Networks for Citywide Crowd Flows Prediction},
  volume       = {31},
  url          = {https://ojs.aaai.org/index.php/AAAI/article/view/10735},
  doi          = {10.1609/aaai.v31i1.10735},
  number       = {1},
  journal      = {Proceedings of the AAAI Conference on Artificial Intelligence},
  author       = {Zhang, Junbo and Zheng, Yu and Qi, Dekang},
  year         = {2017},
  month        = {02}
}

@inproceedings{Zhang.2016,
author = {Zhang, Junbo and Zheng, Yu and Qi, Dekang and Li, Ruiyuan and Yi, Xiuwen},
title = {DNN-based prediction model for spatio-temporal data},
year = {2016},
isbn = {9781450345897},
publisher = {Association for Computing Machinery},
address = {New York, NY, USA},
url = {https://doi.org/10.1145/2996913.2997016},
doi = {10.1145/2996913.2997016},
booktitle = {Proceedings of the 24th ACM SIGSPATIAL International Conference on Advances in Geographic Information Systems},
articleno = {92},
numpages = {4},
keywords = {spatio-temporal data, prediction, deep learning},
location = {Burlingame, California},
series = {SIGSPACIAL '16}
}

@article{Hassannayebi.2021,
  title={Short-Term Traffic Flow Prediction: A Method of Combined Deep Learnings},
  author={Hassannayebi, Erfan and Ren, Chuanxiang and Chai, Chunxu and Yin, Changchang and Ji, Haowei and Cheng, Xuezhen and Gao, Ge and Zhang, Heng},
  journal={Journal of Advanced Transportation},
  year={2021},
  volume={2021},
  pages={9928073},
  month={07},
  day={05},
  publisher={Hindawi},
  issn={0197-6729},
  doi={10.1155/2021/9928073},
  url={https://doi.org/10.1155/2021/9928073},
}

@article{Han.2020,
author = {Han, Lei and Huang, Yi-Shao},
title = {Short-term traffic flow prediction of road network based on deep learning},
journal = {IET Intelligent Transport Systems},
volume = {14},
number = {6},
pages = {495-503},
keywords = {telecommunication traffic, road traffic, data compression, traffic engineering computing, belief networks, forecasting theory, learning (artificial intelligence), novel short-term traffic flow prediction, deep learning, traffic flow forecasting methods, time traffic situation, data processing, road network data compression, trend term, random fluctuation term, spectral decomposition method, deep belief network model, kernel extreme learning machine classifier, prediction model, actual regional road network traffic flow data, short-time network traffic flow forecasting method, average prediction accuracy, road section},
doi = {https://doi.org/10.1049/iet-its.2019.0133},
url = {https://ietresearch.onlinelibrary.wiley.com/doi/abs/10.1049/iet-its.2019.0133},
eprint = {https://ietresearch.onlinelibrary.wiley.com/doi/pdf/10.1049/iet-its.2019.0133},
year = {2020}
}

@article{Leles.2017,
author = {Leles, Michel and SansÃ£o, J.P.H. and Mozelli, L.A. and GuimarÃ£es, H.N.},
year = {2017},
month = {11},
pages = {},
title = {Improving reconstruction of time-series based in Singular Spectrum Analysis: A segmentation approach},
volume = {77},
journal = {Digital Signal Processing},
doi = {10.1016/j.dsp.2017.10.025}
}

@article{Golyandina.2014,
author = {Golyandina, Nina and Korobeynikov, Anton},
year = {2014},
month = {03},
pages = {934-954},
title = {Basic Singular Spectrum Analysis and Forecasting with R},
volume = {71},
journal = {Computational Statistics I\& Data Analysis},
doi = {10.1016/j.csda.2013.04.009}
}

@article{Bishop.2006,
  author    = {Christopher M. Bishop},
  title     = {Pattern Recognition and Machine Learning},
  journal   = {Machine Learning},
  volume    = {128},
  number    = {9},
  year      = {2006},
  pages     = { },
  publisher = { },
}

@article{Ghojogh.2021,
author = {Ghojogh, Benyamin and Ghodsi, Ali and Karray, Fakhri and Crowley, Mark},
year = {2021},
month = {07},
pages = {},
title = {Restricted Boltzmann Machine and Deep Belief Network: Tutorial and Survey}
}


@inproceedings{Hinton.1983,
  author    = {Geoffrey E. Hinton and Terrence J. Sejnowski},
  title     = {Optimal Perceptual Inference},
  booktitle = {Proceedings of the IEEE Conference on Computer Vision and Pattern Recognition},
  volume    = {448},
  year      = {1983},
  publisher = {IEEE},
}

@article{Ising.1925,
  author    = {Ernst Ising},
  title     = {Beitrag zur Theorie des Ferromagnetismus},
  journal   = {Zeitschrift fÃ¼r Physik},
  volume    = {31},
  number    = {1},
  pages     = {253-258},
  year      = {1925},
}

@misc{Nguyen.2019,
  author = {Bac Nguyen Cong},
  title = {rbm-pytorch},
  howpublished = {\url{https://github.com/bacnguyencong/rbm-pytorch}},
  year = {2019},
}
